<record><leader>00000cas a22000007a 4500</leader><controlfield tag="001">20360343</controlfield><controlfield tag="008">890918d19731974pauwr ne      0    0eng d</controlfield><datafield ind1=" " ind2=" " tag="010"><subfield code="a">sn 89077279 </subfield></datafield><datafield ind1=" " ind2=" " tag="040"><subfield code="a">NPH</subfield><subfield code="b">eng</subfield><subfield code="c">NPH</subfield><subfield code="d">OCLCQ</subfield></datafield><datafield ind1=" " ind2=" " tag="042"><subfield code="a">msc</subfield></datafield><datafield ind1="0" ind2="0" tag="245"><subfield code="a">Brandywine archive.</subfield></datafield><datafield ind1=" " ind2=" " tag="260"><subfield code="a">Oxford, Pa. :</subfield><subfield code="b">Chester Co. Communications,</subfield><subfield code="c">1973-1974.</subfield></datafield><datafield ind1=" " ind2=" " tag="300"><subfield code="a">v. :</subfield><subfield code="b">ill. ;</subfield><subfield code="c">58 cm.</subfield></datafield><datafield ind1=" " ind2=" " tag="310"><subfield code="a">Weekly</subfield></datafield><datafield ind1="0" ind2=" " tag="362"><subfield code="a">Vol. 96, no. 28 (Jan. 3, 1973)-v. 98, no. 9 (Aug. 28, 1974).</subfield></datafield><datafield ind1=" " ind2=" " tag="500"><subfield code="a">"Serving the Brandywine Valley.""</subfield></datafield><datafield ind1=" " ind2=" " tag="588"><subfield code="a">Description based on: Vol. 96, no. 41 (Apr. 4, 1973).</subfield></datafield><datafield ind1=" " ind2=" " tag="752"><subfield code="a">United States</subfield><subfield code="b">Pennsylvania</subfield><subfield code="c">Chester</subfield><subfield code="d">Oxford.</subfield></datafield><datafield ind1="0" ind2="0" tag="780"><subfield code="t">Chester County archive (Downingtown, Pa. : 1970)</subfield><subfield code="w">(DLC)sn 89077282</subfield></datafield><datafield ind1="0" ind2="7" tag="785"><subfield code="t">Brandywine gazette</subfield><subfield code="w">(DLC)sn 90069106</subfield></datafield><datafield ind1="0" ind2="7" tag="785"><subfield code="t">Brandywine gazette archive</subfield><subfield code="w">(DLC)sn 89077280</subfield></datafield></record>